%% This BibTeX bibliography file was created using BibDesk.
%% http://bibdesk.sourceforge.net/


%% Created for John Bamberg at 2020-07-20 17:16:36 +0800 


%% Saved with string encoding Unicode (UTF-8) 



@article{Hilbert:1901aa,
	Author = {Hilbert, David},
	Date-Added = {2020-07-20 17:16:28 +0800},
	Date-Modified = {2020-07-20 17:16:35 +0800},
	Doi = {10.2307/1986308},
	Fjournal = {Transactions of the American Mathematical Society},
	Issn = {0002-9947},
	Journal = {Trans. Amer. Math. Soc.},
	Mrclass = {51N35},
	Mrnumber = {1500557},
	Number = {1},
	Pages = {87--99},
	Title = {Ueber {F}l\"{a}chen von constanter {G}aussscher {K}r\"{u}mmung},
	Url = {https://mathscinet.ams.org/mathscinet-getitem?mr=1500557},
	Volume = {2},
	Year = {1901},
	Bdsk-Url-1 = {https://mathscinet.ams.org/mathscinet-getitem?mr=1500557}}
