%% This BibTeX bibliography file was created using BibDesk.
%% http://bibdesk.sourceforge.net/


%% Created for John Bamberg at 2020-07-20 17:16:36 +0800 


%% Saved with string encoding Unicode (UTF-8) 

@techreport{jaeger2001echo,
  author       = {Herbert Jaeger},
  title        = {The ``echo state'' approach to analysing and training recurrent neural networks - with an erratum note},
  institution  = {German National Research Center for Information Technology GMD},
  address      = {Bonn, Germany},
  year         = {2001},
  number       = {148},
  volume       = {34},
  pages        = {13}
}

@incollection{lukosevicius2012practical,
  author       = {Mantas Luko{\v{s}}evi{\v{c}}ius},
  title        = {A practical guide to applying echo state networks},
  booktitle    = {Neural Networks: Tricks of the Trade: Second Edition},
  publisher    = {Springer},
  year         = {2012},
  pages        = {659--686}
}

@article{lukosevicius2009reservoir,
  title={Reservoir computing approaches to recurrent neural network training},
  author={Luko{\v{s}}evi{\v{c}}ius, M. and Jaeger, H.},
  journal={Comput. Sci. Rev.},
  volume={3},
  number={3},
  pages={127--149},
  year={2009},
  publisher={Elsevier},
  doi={10.1016/J.COSREV.2009.03.005},
  url={https://consensus.app/papers/reservoir-computing-approaches-network-training-lukoševičius/871d65e9abfa5c4c8743e49954e6485d/?utm_source=chatgpt}
}