
@inproceedings{fernando_and_sojakka_2003,
  title={Pattern recognition in a bucket},
  author={Fernando, Chrisantha and Sojakka, Sampsa},
  booktitle={European conference on artificial life},
  pages={588--597},
  year={2003},
  organization={Springer}
}


@incollection{dale_2016,
  title={Reservoir computing as a model for in-materio computing},
  author={Dale, Matthew and Miller, Julian F and Stepney, Susan},
  booktitle={Advances in Unconventional Computing: Volume 1: Theory},
  pages={533--571},
  year={2016},
  publisher={Springer}
}


@article{lukosevicius_and_jaeger_2009,
  title={Reservoir computing approaches to recurrent neural network training},
  author={Luko{\v{s}}evi{\v{c}}ius, Mantas and Jaeger, Herbert},
  journal={Computer science review},
  volume={3},
  number={3},
  pages={127--149},
  year={2009},
  publisher={Elsevier}
}


@article{buehner_young_2006,
  title={A tighter bound for the echo state property},
  author={Buehner, Michael and Young, Peter},
  journal={IEEE transactions on neural networks},
  volume={17},
  number={3},
  pages={820--824},
  year={2006},
  publisher={IEEE}
}


@article{jacobs_1991,
  title={Adaptive mixtures of local experts},
  author={Jacobs, Robert A and Jordan, Michael I and Nowlan, Steven J and Hinton, Geoffrey E},
  journal={Neural computation},
  volume={3},
  number={1},
  pages={79--87},
  year={1991},
  publisher={MIT Press}
}



@article{jordan_1994,
  title={Hierarchical mixtures of experts and the EM algorithm},
  author={Jordan, Michael I and Jacobs, Robert A},
  journal={Neural computation},
  volume={6},
  number={2},
  pages={181--214},
  year={1994},
  publisher={MIT Press}
}


@inproceedings{shazeer_2017,
  title={Outrageously large neural networks: The sparsely-gated mixture-of-experts layer},
  author={Shazeer, Noam and Mirhoseini, Azalia and Maziarz, Krzysztof and Davis, Andy and Le, Quoc and Hinton, Geoffrey and Dean, Jeff},
  journal={arXiv preprint arXiv:1701.06538},
  year={2017}
}


@inproceedings{babinec_pospichal_2009,
  title={Gating echo state neural networks for time series forecasting},
  author={Babinec, {\v{S}}tefan and Posp{\'\i}chal, Ji{\v{r}}{\'\i}},
  booktitle={International Conference on Neural Information Processing},
  pages={200--207},
  year={2009},
  organization={Springer}
}


@techreport{jaeger_2007,
  title={Discovering multiscale dynamical features with hierarchical echo state networks},
  author={Jaeger, Herbert},
  year={2007},
  institution={Jacobs University Bremen}
}


@article{ma_2021,
  title={DeePr-ESN: A deep projection-encoding echo-state network},
  author={Ma, Qianli and Shen, Lifeng and Cottrell, Garrison W},
  journal={Information Sciences},
  volume={511},
  pages={152--171},
  year={2020},
  publisher={Elsevier}
}


@incollection{lukosevicius_2012_practical_guide,
  title={A practical guide to applying echo state networks},
  author={Luko{\v{s}}evi{\v{c}}ius, Mantas},
  booktitle={Neural Networks: Tricks of the Trade: Second Edition},
  pages={659--686},
  year={2012},
  publisher={Springer}
}



@inproceedings{wringe_2024,
  title={Restricted Reservoirs on Heterogeneous Timescales},
  author={Wringe, Chester and Stepney, Susan and Trefzer, Martin A},
  booktitle={International Conference on Artificial Neural Networks},
  pages={168--183},
  year={2024},
  organization={Springer}
}


@article{deng_and_zhang_2007,
  title={Collective behavior of a small-world recurrent neural system with scale-free distribution},
  author={Deng, Zhidong and Zhang, Yi},
  journal={IEEE Transactions on neural networks},
  volume={18},
  number={5},
  pages={1364--1375},
  year={2007},
  publisher={IEEE}
}

@article{jarvis_2010,
  title={Extending stability through hierarchical clusters in echo state networks},
  author={Jarvis, Sarah and Rotter, Stefan and Egert, Ulrich},
  journal={Frontiers in neuroinformatics},
  volume={4},
  pages={11},
  year={2010},
  publisher={Frontiers Research Foundation}
}

@article{malik_2017,
  title={Multilayered echo state machine: A novel architecture and algorithm},
  author={Malik, Zeeshan Khawar and Hussain, Amir and Wu, Qingming Jonathan},
  journal={IEEE Transactions on cybernetics},
  volume={47},
  number={4},
  pages={946--959},
  year={2016},
  publisher={IEEE}
}


@article{gallicchio_and_micheli_2017,
  title={Deep reservoir computing: A critical experimental analysis},
  author={Gallicchio, Claudio and Micheli, Alessio and Pedrelli, Luca},
  journal={Neurocomputing},
  volume={268},
  pages={87--99},
  year={2017},
  publisher={Elsevier}
}

@article{long_2020,
  title={Evolving deep echo state networks for intelligent fault diagnosis},
  author={Long, Jianyu and Zhang, Shaohui and Li, Chuan},
  journal={IEEE Transactions on Industrial Informatics},
  volume={16},
  number={7},
  pages={4928--4937},
  year={2019},
  publisher={IEEE}
}



@article{ma_2017,
  title={Deep-esn: A multiple projection-encoding hierarchical reservoir computing framework},
  author={Ma, Qianli and Shen, Lifeng and Cottrell, Garrison W},
  journal={arXiv preprint arXiv:1711.05255},
  year={2017}
}


@misc{carmichael_2018,
  title={Mod-deepesn: modular deep echo state network},
  author={Carmichael, Zachariah and Syed, Humza and Burtner, Stuart and Kudithipudi, Dhireesha},
  journal={arXiv preprint arXiv:1808.00523},
  year={2018}
}


@article{li_2022,
  title={Growing deep echo state network with supervised learning for time series prediction},
  author={Li, Ying and Li, Fanjun},
  journal={Applied Soft Computing},
  volume={128},
  pages={109454},
  year={2022},
  publisher={Elsevier}
}


@article{wcislo_2021,
  title={Grouped multi-layer echo state networks with self-normalizing activations},
  author={Wcis{\l}o, Robert and Czech, Wojciech},
  booktitle={International conference on computational science},
  pages={90--97},
  year={2021},
  organization={Springer}
}

@article{lun_2023,
  title={Multiple-Reservoir Hierarchical Echo State Network},
  author={Lun, Shuxian and Sun, Zhenduo and Li, Ming and Wang, Lei},
  journal={Mathematics},
  volume={11},
  number={18},
  pages={3961},
  year={2023},
  publisher={MDPI}
}


@article{li_tanaka_2021,
  title={Multi-reservoir echo state networks with sequence resampling for nonlinear time-series prediction},
  author={Li, Ziqiang and Tanaka, Gouhei},
  journal={Neurocomputing},
  volume={467},
  pages={115--129},
  year={2022},
  publisher={Elsevier}
}


@inproceedings{dale_2018,
  title={Neuroevolution of hierarchical reservoir computers},
  author={Dale, Matthew},
  booktitle={Proceedings of the Genetic and Evolutionary Computation Conference},
  pages={410--417},
  year={2018}
}


@article{ma_chen_2013,
  title={Modular state space of echo state network},
  author={Ma, Qian-Li and Chen, Wei-Biao},
  journal={Neurocomputing},
  volume={122},
  pages={406--417},
  year={2013},
  publisher={Elsevier}
}


@article{laan_vicente_2015,
  title={Echo state networks with multiple readout modules},
  author={Laan, Andres and Vicente, Raul},
  journal={bioRxiv},
  pages={017558},
  year={2015},
  publisher={Cold Spring Harbor Laboratory}
}

@article{bandt_pompe_2002,
  title={Permutation entropy: a natural complexity measure for time series},
  author={Bandt, Christoph and Pompe, Bernd},
  journal={Physical review letters},
  volume={88},
  number={17},
  pages={174102},
  year={2002},
  publisher={APS}
}


@article{zanin_2023,
  title={Continuous ordinal patterns: Creating a bridge between ordinal analysis and deep learning},
  author={Zanin, Massimiliano},
  journal={Chaos: An Interdisciplinary Journal of Nonlinear Science},
  volume={33},
  number={3},
  year={2023},
  publisher={AIP Publishing}
}


@article{amigo_2007,
  title={True and false forbidden patterns in deterministic and random dynamics},
  author={Amig{\'o}, Jos{\'e} Mar{\'\i}a and Zambrano, Samuel and Sanju{\'a}n, Miguel AF},
  journal={Europhysics Letters},
  volume={79},
  number={5},
  pages={50001},
  year={2007},
  publisher={IOP Publishing}
}

@article{zanin_2013,
  title={Forbidden patterns in financial time series},
  author={Zanin, Massimiliano},
  journal={Chaos: An Interdisciplinary Journal of Nonlinear Science},
  volume={18},
  number={1},
  year={2008},
  publisher={AIP Publishing}
}

@article{liu_2020,
  title={Representation based on ordinal patterns for seizure detection in EEG signals},
  author={Liu, Yunxiao and Lin, Youfang and Jia, Ziyu and Ma, Yan and Wang, Jing},
  journal={Computers in Biology and Medicine},
  volume={126},
  pages={104033},
  year={2020},
  publisher={Elsevier}
}

@article{keller_2007,
  title={Ordinal analysis of EEG time series},
  author={Keller, Karsten and Lauffer, Heinz and Sinn, Mathieu},
  journal={Chaos and Complexity Letters},
  volume={2},
  pages={247--258},
  year={2007},
  publisher={Nova Science Publishes Hauppauge, NY, USA}
}

@inproceedings{boaretto_2021,
  title={Discriminating chaotic and stochastic time series using permutation entropy and artificial neural networks},
  author={Boaretto, BRR and Budzinski, Roberto C and Rossi, Kalel L and Prado, Thiago L and Lopes, Sergio R and Masoller, C},
  journal={Scientific reports},
  volume={11},
  number={1},
  pages={15789},
  year={2021},
  publisher={Nature Publishing Group UK London}
}

@article{sinn_2012,
  title={Detecting change-points in time series by maximum mean discrepancy of ordinal pattern distributions},
  author={Sinn, Mathieu and Ghodsi, Ali and Keller, Karsten},
  journal={arXiv preprint arXiv:1210.4903},
  year={2012}
}


@article{thorne_2022,
  title={A novel approach to time series complexity via reservoir computing},
  author={Thorne, Braden and J{\"u}ngling, Thomas and Small, Michael and Corr{\^e}a, D{\'e}bora and Zaitouny, Ayham},
  booktitle={Australasian Joint Conference on Artificial Intelligence},
  pages={442--455},
  year={2022},
  organization={Springer}
}


@article{sun_2022,
  title={Reservoir dynamic interpretability for time series prediction: A permutation entropy view},
  author={Sun, Xiaochuan and Hao, Mingxiang and Wang, Yutong and Wang, Yu and Li, Zhigang and Li, Yingqi},
  journal={Entropy},
  volume={24},
  number={12},
  pages={1709},
  year={2022},
  publisher={MDPI}
}


@article{leyva_2022,
  title={20 years of ordinal patterns: Perspectives and challenges},
  author={Leyva, Inmaculada and Mart{\'\i}nez, Johann H and Masoller, Cristina and Rosso, Osvaldo A and Zanin, Massimiliano},
  journal={Europhysics Letters},
  volume={138},
  number={3},
  pages={31001},
  year={2022},
  publisher={IOP Publishing}
}

@article{qiao_2016,
  title={Growing echo-state network with multiple subreservoirs},
  author={Qiao, Junfei and Li, Fanjun and Han, Honggui and Li, Wenjing},
  journal={IEEE transactions on neural networks and learning systems},
  volume={28},
  number={2},
  pages={391--404},
  year={2016},
  publisher={IEEE}
}

@article{yuksel_2012,
  title={Twenty years of mixture of experts},
  author={Yuksel, Seniha Esen and Wilson, Joseph N and Gader, Paul D},
  journal={IEEE transactions on neural networks and learning systems},
  volume={23},
  number={8},
  pages={1177--1193},
  year={2012},
  publisher={IEEE}
}

@article{hochreiter_1997,
  title={Long short-term memory},
  author={Hochreiter, Sepp and Schmidhuber, J{\"u}rgen},
  journal={Neural computation},
  volume={9},
  number={8},
  pages={1735--1780},
  year={1997},
  publisher={MIT press}
}


@book{kantz_2003,
  title={Nonlinear time series analysis},
  author={Kantz, Holger and Schreiber, Thomas},
  year={2003},
  publisher={Cambridge university press}
}
